@book{pbr-book,
    title={Physically Based Rendering: From Theory to Implementation},
    %author={Pharr, Matt and Jakob, Wenzel, and Humphreys, Greg},
    author={Matt Pharr and Wenzel Jakob, and Greg Humphreys},
    isbn={978-0128006450},
    year={2016},
    publisher={Morgan Kaufmann},
}

@article{greenberg,
    title={A Framework for Realistic Image Synthesis},
    author={
        Donald P. Greenberg and
        Kenneth E. Torrance and
        Peter Shirley and
        James Arvo and
        James A.Ferwerda  and
        Sumanta Pattanaik and
        Eric Lafortune  and
        Bruce Walter and
        Sing-Choong Foo
    },
    orginization={Cornell University},
    date={1999},
    month={8},
    day={1},
}

@online{blender-bsdf-docs,
    title={Principled BSDF},
    author={{Blender Foundation}},
    url={https://docs.blender.org/manual/en/latest/render/shader_nodes/shader/principled.html},
    addendum={(accessed: 12/03/2022)},
}

@online{ue4-pbr-docs,
    title={Physically Based Materials},
    author={{Epic Games}},
    url={https://docs.unrealengine.com/4.27/en-US/RenderingAndGraphics/Materials/PhysicallyBased/},
    addendum={(accessed: 12/03/2022)},
}

@online{unity-real-time,
    title={Real-time rendering in 3D},
    author={{Unity Technologies}},
    url={https://unity.com/how-to/real-time-rendering-3d#real-time-rendering-example-book-dead},
    addendum={accessed: 12/03/2022}
}

@online{year-of-real-time-ray-tracing,
    title={2020: The year of Real Time Ray Tracing},
    author={Daniel Rose},
    url={https://unity.com/how-to/real-time-rendering-3d#real-time-rendering-example-book-dead},
    addendum={accessed: 12/03/2022},
    month={01},
    year={2020}
}

@online{xbox-epilepsy,
    title={Xbox Accessibility Guideline 118: Photosensitivity},
    author={{Microsoft}},
    url={https://docs.microsoft.com/en-us/gaming/accessibility/xbox-accessibility-guidelines/118},
    addendum={accessed: 12/03/2022},
    day={05},
    month={09},
    year={2022}
}

@online{time-to-triangle,
    title={Cerny: PS4's 'time-to-triangle' to rival PS1},
    author={Sinan Kubba},
    url={https://www.engadget.com/2013-06-28-cerny-ps4s-time-to-triangle-to-rival-ps1.html},
    addendum={accessed: 12/03/2022},
    day={28},
    month={06},
    year={2013}
}

@online{vulkan-tutorial,
    title={Vulkan Tutorial},
    author={Alexander Overvoorde},
    url={https://vulkan-tutorial.com/},
    addendum={accessed: 20/06/2022},
    month={04},
    year={2022}
}

@online{book-of-shaders,
    title={The Book of Shaders},
    author={Patricio Gonzalez Vivo and Jen Lowe},
    url={https://thebookofshaders.com/},
    addendum={accessed: 20/06/2022},
}

@online{mvp,
    title={Model View Projection},
    author={Jordan Santell},
    url={https://jsantell.com/model-view-projection/},
    day={14},
    month={04},
    year={2019},
    addendum={accessed: 20/06/2022},
}
